@article{han2017frappuccino,
  title={FRAPpuccino: Fault-detection through Runtime Analysis of Provenance},
  author={Han, Xueyuan and Pasquier, Thomas and Ranjan, Tanvi and Goldstein, Mark and Seltzer, Margo},
  year={2017}
}